 @InProceedings{LLVM:CGO04,
	author    = {Chris Lattner and Vikram Adve},
	title     = "{LLVM: A Compilation Framework for Lifelong Program Analysis \& Transformation}",
	booktitle = "{Proceedings of the 2004 International Symposium on Code Generation and Optimization (CGO'04)}",
	address   = {Palo Alto, California},
	month     = {4},
	year      = {2004}
}

@inproceedings{llvmpic,
	author = {Lenka, Dr and Padhi, Sarthak and Nayak, Kabita},
	year = {2018},
	month = {10},
	pages = {832-837},
	title = {Fault Injection Techniques - A Brief Review},
	doi = {10.1109/ICACCCN.2018.8748585}
}

@online{ppci,
	author = { Windel Bouwman },
	year = {2021},
	month = {7},
	title = {A compiler for ARM, X86, MSP430, xtensa and more implemented in pure Python},
	url = {https://github.com/windelbouwman/ppci}
}